<?xml version="1.0" encoding="UTF-8"?><collection xmlns="http://www.loc.gov/MARC21/slim"><record><leader>00389nam--2200121-i-4500</leader><controlfield tag="001">000041101</controlfield><controlfield tag="002">20161230</controlfield><controlfield tag="005">20161230201043</controlfield><controlfield tag="008">060222s1000------------r-----000-0-eng-d</controlfield><datafield ind1=" " ind2=" " tag="080"><subfield code="a">621.375.826(061.3)</subfield></datafield><datafield ind1=" " ind2=" " tag="245"><subfield code="a">Second international conference trends in quantum electronics. bucharest-romania, 2-6 sept.1985</subfield></datafield><datafield ind1=" " ind2=" " tag="260"><subfield code="a">Bucharest, European Physical Society, 1985, Xxxiv+459p</subfield></datafield><datafield ind1=" " ind2=" " tag="852"><subfield code="a">72799</subfield></datafield></record></collection>